@article{parliament2010directive,
	title={ Directive 2010/40/EU of the European Parliament and of the Council of 7 July 2010 on the framework for the deployment of Intelligent Transport Systems in the field of road transport and for interfaces with other modes of transport Text with EEA relevance.},
	journal={Official Journal of the European Union},
	volume={50},
	pages={207},
	year={2010}
}

@online{oica2014motrate,
	author = {Organisation Internationale des Constructeurs d'Automobiles (OICA)},
	title = {Motorization rate 2014 -- WORLDWIDE},
	year = 2015,
	url = {http://www.oica.net/category/vehicles-in-use/},
	urldate = {2015-06-16}
}

@article{imprialou2016re,
	title={Re-visiting crash--speed relationships: A new perspective in crash modelling},
	author={Imprialou, Maria-Ioanna M and Quddus, Mohammed and Pitfield, David E and Lord, Dominique},
	journal={Accident Analysis \& Prevention},
	volume={86},
	pages={173--185},
	year={2016},
	publisher={Elsevier}
}

@inproceedings{krajzewicz2002sumo,
	title={SUMO (Simulation of Urban MObility)-an open-source traffic simulation},
	author={Krajzewicz, Daniel and Hertkorn, Georg and R{\"o}ssel, Christian and Wagner, Peter},
	booktitle={Proceedings of the 4th Middle East Symposium on Simulation and Modelling (MESM20002)},
	pages={183--187},
	year={2002}
}

@inproceedings{behrisch2011sumo,
	title={SUMO--simulation of urban mobility: an overview},
	author={Behrisch, Michael and Bieker, Laura and Erdmann, Jakob and Krajzewicz, Daniel},
	booktitle={Proceedings of SIMUL 2011, The Third International Conference on Advances in System Simulation},
	year={2011},
	organization={ThinkMind}
}

@article{krajzewicz2012recent,
	title={Recent development and applications of SUMO--simulation of urban mobility},
	author={Krajzewicz, Daniel and Erdmann, Jakob and Behrisch, Michael and Bieker, Laura},
	journal={International Journal On Advances in Systems and Measurements},
	volume={5},
	number={3\&4},
	year={2012},
	publisher={Citeseer}
}

@phdthesis{krauss1998microscopic,
	title={Microscopic modeling of traffic flow: Investigation of collision free vehicle dynamics},
	author={Krau{\ss}, Stefan},
	year={1998}
}

@inproceedings{jin2016evaluation,
	title={Evaluation of Fuzzy Intelligent Traffic Signal Control (FITS) system using traffic simulation},
	author={Jin, Junchen and Ma, Xiaoliang and Koskinen, Kari and Rychlik, Michael and Kosonen, Iisakki},
	booktitle={Transportation Research Board 95th Annual Meeting},
	number={16-4359},
	year={2016}
}

@article{quaassdorff2016microscale,
	title={Microscale traffic simulation and emission estimation in a heavily trafficked roundabout in Madrid (Spain)},
	author={Quaassdorff, Christina and Borge, Rafael and P{\'e}rez, Javier and Lumbreras, Julio and de la Paz, David and de Andr{\'e}s, Juan Manuel},
	journal={Science of The Total Environment},
	volume={566},
	pages={416--427},
	year={2016},
	publisher={Elsevier}
}

@inproceedings{al2001framework,
	title={A framework for modeling human-like driving behaviors for autonomous vehicles in driving simulators},
	author={Al-Shihabi, Talal and Mourant, Ronald R},
	booktitle={Proceedings of the fifth international conference on Autonomous agents},
	pages={286--291},
	year={2001},
	organization={ACM}
}

@incollection{michon1985critical,
	title={A critical view of driver behavior models: what do we know, what should we do?},
	author={Michon, John A},
	booktitle={Human behavior and traffic safety},
	pages={485--524},
	year={1985},
	publisher={Springer}
}

@article{treiber2000congested,
	title={Congested traffic states in empirical observations and microscopic simulations},
	author={Treiber, Martin and Hennecke, Ansgar and Helbing, Dirk},
	journal={Physical review E},
	volume={62},
	number={2},
	pages={1805},
	year={2000},
	publisher={APS}
}

@inproceedings{kerner2008testbed,
	title={Testbed for wireless vehicle communication: A simulation approach based on three-phase traffic theory},
	author={Kerner, BS and Klenov, SL and Brakemeier, A},
	booktitle={Intelligent Vehicles Symposium, 2008 IEEE},
	pages={180--185},
	year={2008},
	organization={IEEE}
}

@article{wiedemann1974simulation,
	title={Simulation des Strassenverkehrsflusses.},
	author={Wiedemann, Rainer},
	year={1974}
}

@article{casas2011need,
	title={The need to combine different traffic modelling levels for effectively tackling large-scale projects adding a hybrid meso/micro approach},
	author={Casas, Jordi and Perarnau, Josep and Torday, Alex},
	journal={Procedia-Social and Behavioral Sciences},
	volume={20},
	pages={251--262},
	year={2011},
	publisher={Elsevier}
}

@inproceedings{munoz2001integrated,
	title={Integrated meso-microscale traffic simulation of hierarchical AHS control architectures},
	author={Munoz, Laura and Gomes, Gabriel and Yi, Jingang and Toy, Charmaine and Horowitz, Roberto and Alvarez, Luis},
	booktitle={Intelligent Transportation Systems, 2001. Proceedings. 2001 IEEE},
	pages={82--87},
	year={2001},
	organization={IEEE}
}

@article{tang2014new,
	title={A new car-following model with consideration of inter-vehicle communication},
	author={Tang, Tieqiao and Shi, Weifang and Shang, Huayan and Wang, Yunpeng},
	journal={Nonlinear dynamics},
	volume={76},
	number={4},
	pages={2017--2023},
	year={2014},
	publisher={Springer}
}

@techreport{dingus2006100,
	title={The 100-car naturalistic driving study, Phase II-results of the 100-car field experiment},
	author={Dingus, Thomas A and Klauer, Sheila G and Neale, Vicki L and Petersen, A and Lee, SE and Sudweeks, JD and Perez, MA and Hankey, J and Ramsey, DJ and Gupta, S and others},
	year={2006}
}

@article{lerner2010exploration,
	title={An exploration of vehicle-based monitoring of novice teen drivers},
	author={Lerner, Neil and Jenness, James and Singer, Jeremiah and Klauer, Sheila and Lee, Suzanne and Donath, Max and Manser, Michael and Ward, Nicholas},
	journal={Final Report. NHTSA, Report No. DOT HS},
	volume={811},
	pages={333},
	year={2010}
}
